
@article{chow:68,
  author  = {C. K. Chow and C. N. Liu},
  title   = {Approximating discrete probability distributions with dependence trees},
  journal = {IEEE Transactions on Information Theory},
  year    = {1968},
  volume  = {IT-14},
  number  = {3},
  pages   = {462--467}
}


@book{pearl:88,
  author    = {Judea Pearl},
  title     = {Probabilistic {R}easoning in {I}ntelligent {S}ystems: 
               {N}etworks of {P}lausible {I}nference},
  publisher = {Morgan Kaufman Publishers},
  year      = {1988},
  address   = {San Mateo, CA}
}

@inproceedings{Rafailov,
  author    = {Rafailov, Rafael and Sharma, Archit and Mitchell, Eric and Manning, Christopher D and Ermon, Stefano and Finn, Chelsea},
  booktitle = {Advances in Neural Information Processing Systems},
  editor    = {A. Oh and T. Naumann and A. Globerson and K. Saenko and M. Hardt and S. Levine},
  pages     = {53728--53741},
  publisher = {Curran Associates, Inc.},
  title     = {Direct Preference Optimization: Your Language Model is Secretly a Reward Model},
  url       = {https://proceedings.neurips.cc/paper_files/paper/2023/file/a85b405ed65c6477a4fe8302b5e06ce7-Paper-Conference.pdf},
  volume    = {36},
  year      = {2023}
}

@article{ouyang2022training,
  title   = {Training language models to follow instructions with human feedback},
  author  = {Ouyang, Long and Wu, Jeffrey and Jiang, Xu and Almeida, Diogo and Wainwright, Carroll and Mishkin, Pamela and Zhang, Chong and Agarwal, Sandhini and Slama, Katarina and Ray, Alex and others},
  journal = {Advances in neural information processing systems},
  volume  = {35},
  pages   = {27730--27744},
  year    = {2022}
}

@article{bradley1952rank,
  author  = {R. A. Bradley and M. E. Terry},
  title   = {Rank Analysis of Incomplete Block Designs: {I}. The Method of Paired Comparisons},
  journal = {Biometrika},
  volume  = {39},
  number  = {3/4},
  pages   = {324--345},
  year    = {1952},
  doi     = {10.2307/2334029},
  url     = {https://doi.org/10.2307/2334029}
}

@book{elo1978rating,
  author    = {Arpad E. Elo},
  title     = {The Rating of Chessplayers, Past and Present},
  publisher = {Arco Publishing},
  year      = {1978},
  address   = {New York},
  isbn      = {9780668047210}
}

@article{chiang2024chatbot,
  title   = {Chatbot arena: An open platform for evaluating llms by human preference},
  author  = {Chiang, Wei-Lin and Zheng, Lianmin and Sheng, Ying and Angelopoulos, Anastasios Nikolas and Li, Tianle and Li, Dacheng and Zhang, Hao and Zhu, Banghua and Jordan, Michael and Gonzalez, Joseph E and others},
  journal = {arXiv preprint arXiv:2403.04132},
  year    = {2024}
}

@inproceedings{burges2005learning,
  title        = {Learning to Rank using Gradient Descent},
  author       = {Burges, Christopher J.C. and Shaked, Tal and Renshaw, Erin and Lazier, Matt and Deeds, Gregory and Hamilton, Nicole and Hullender, Don},
  booktitle    = {Proceedings of the 22nd International Conference on Machine Learning (ICML)},
  pages        = {89--96},
  year         = {2005},
  organization = {ACM}
}

@book{mccullagh1989generalized,
  title     = {Generalized Linear Models},
  author    = {McCullagh, Peter and Nelder, John A.},
  edition   = {2nd},
  year      = {1989},
  publisher = {Chapman and Hall/CRC}
}

@article{nelder1972generalized,
  title     = {Generalized Linear Models},
  author    = {Nelder, John A. and Wedderburn, Robert W. M.},
  journal   = {Journal of the Royal Statistical Society. Series A (General)},
  volume    = {135},
  number    = {3},
  pages     = {370--384},
  year      = {1972},
  publisher = {Wiley}
}

@article{lecun1998mnist,
  title   = {The MNIST database of handwritten digits},
  author  = {LeCun, Yann},
  journal = {http://yann. lecun. com/exdb/mnist/},
  year    = {1998}
}

@inproceedings{Pang+Lee:04a,
  author    = {Bo Pang and Lillian Lee},
  title     = {A Sentimental Education: Sentiment Analysis Using Subjectivity Summarization Based on Minimum Cuts},
  booktitle = {Proceedings of the ACL},
  year      = {2004}
}

@inproceedings{szegedy2016rethinking,
  title     = {Rethinking the Inception Architecture for Computer Vision},
  author    = {Szegedy, Christian and Vanhoucke, Vincent and Ioffe, Sergey and Shlens, Jon and Wojna, Zbigniew},
  booktitle = {Proceedings of the IEEE Conference on Computer Vision and Pattern Recognition (CVPR)},
  pages     = {2818--2826},
  year      = {2016}
}

@article{hinton2015distilling,
  title   = {Distilling the Knowledge in a Neural Network},
  author  = {Hinton, Geoffrey and Vinyals, Oriol and Dean, Jeff},
  journal = {arXiv preprint arXiv:1503.02531},
  year    = {2015},
  url     = {https://arxiv.org/abs/1503.02531}
}

@misc{hinton2014dark,
  author       = {Geoffrey Hinton and Oriol Vinyals and Jeff Dean},
  title        = {Dark Knowledge},
  howpublished = {Presented at the University of Chicago},
  year         = {2014},
  url          = {https://www.ttic.edu/dl/dark14.pdf}
}

@book{Goodfellow-et-al-2016,
  title     = {Deep Learning},
  author    = {Ian Goodfellow and Yoshua Bengio and Aaron Courville},
  publisher = {MIT Press},
  year      = {2016},
  url       = {http://www.deeplearningbook.org}
}

@article{llama,
  title   = {The Llama 3 Herd of Models},
  author  = {Dubey, Abhimanyu and Jauhri, Abhinav and Pandey, Abhinav and Kadian, Abhishek and Al-Dahle, Ahmad and Letman, Aiesha and Mathur, Akhil and Schelten, Alan and Yang, Amy and Fan, Angela and others},
  journal = {arXiv preprint arXiv:2407.21783},
  year    = {2024}
}

@misc{wang2024comprehensivesurveyllmalignment,
  title         = {A Comprehensive Survey of LLM Alignment Techniques: RLHF, RLAIF, PPO, DPO and More},
  author        = {Zhichao Wang and Bin Bi and Shiva Kumar Pentyala and Kiran Ramnath and Sougata Chaudhuri and Shubham Mehrotra and Zixu and Zhu and Xiang-Bo Mao and Sitaram Asur and Na and Cheng},
  year          = {2024},
  eprint        = {2407.16216},
  archiveprefix = {arXiv},
  primaryclass  = {cs.CL},
  url           = {https://arxiv.org/abs/2407.16216}
}